Untuk setiap referensi, baris pertama (Newton1687) merupakan label dan baris-baris berikutnya
merupakan atribut dari referensi yang akan digunakan. Umumnya, format referensi berikut sudah
disediakan oleh penyedia sumber referensi secara online dan bisa langsung digunakan di sini.

Lihat https://www.bibtex.com/g/bibtex-format/ untuk informasi lebih lanjut mengenai format
BibTex yang digunakan pada file ini.

@article{stacker2021deployment,
  title={Deployment of Deep Neural Networks for Object Detection on Edge AI Devices with Runtime Optimization},
  author={Stäcker, Lukas and Fei, Juncong and Heidenreich, Philipp and Bonarens, Frank and Rambach, Jason and Stricker, Didier and Stiller, Christoph},
  journal={arXiv preprint arXiv:2108.08166},
  year={2021}
}

@misc{jocher2023ultralytics,
  author       = {Glenn Jocher and Ayush Chaurasia and Laughing Qian and Jiacong Fang and Diego Montes and Adam Hogan and Abhiram V},
  title        = {Ultralytics YOLOv8},
  year         = {2023},
  howpublished = {\url{https://github.com/ultralytics/ultralytics}},
  note         = {Accessed: 23 May 2025}
}

@inproceedings{sohel2021music,
  author    = {Saiful Islam Sohel and Chinmoy Mondol and Hassan Shahriar Ayon and Urmi Tasmim Islam and Md. Kishor Morol},
  title     = {Music Suggestions from Determining the Atmosphere of Images},
  booktitle = {2021 24th International Conference on Computer and Information Technology (ICCIT)},
  year      = {2021},
  pages     = {3},
  publisher = {IEEE},
  address   = {Dhaka, Bangladesh},
  doi       = {10.1109/ICCIT54785.2021.9689781}
}

@article{li2024yolov6,
  title={What is YOLOv6? A Deep Insight into the Object Detection Model},
  author={Li, C. and Li, L. and Jiang, H. and Weng, K. and Geng, Y. and Li, L. and Ke, Z. and Li, Q. and Cheng, M. and Nie, W.},
  journal={arXiv preprint arXiv:2412.13006},
  year={2024},
  url={https://arxiv.org/html/2412.13006v1}
}

@misc{hanifah2022perbandingan,
  author    = {Hanifah, Muhammad Ahsan and Fauzan, Rizal},
  title     = {Perbandingan Performa Jetson Nano, Jetson Xavier NX dan Lenovo Thinkpad T440s untuk Inferensi Model Deep Learning},
  year      = {2022},
  note      = {Accessed from: \url{https://openlibrary.telkomuniversity.ac.id/pustaka/181741/perbandingan-performa-jetson-nano-jetson-xavier-nx-dan-lenovo-thinkpad-t440s.html}},
  howpublished = {Undergraduate Thesis, Telkom University}
}

@online{dyte2023rtmp,
  author       = {Dyte.io},
  title        = {RTMP: The Definitive Guide 2023},
  year         = {2023},
  url          = {https://dyte.io/blog/rtmp/},
  note         = {Diakses pada 23 Mei 2025}
}

@online{linode2021rtmp,
  author       = {Linode Docs},
  title        = {How to Set Up an RTMP Streaming Server},
  year         = {2021},
  url          = {https://www.linode.com/docs/guides/set-up-a-streaming-rtmp-server/},
  note         = {Diakses pada 23 Mei 2025}
}

@article{liu2021swin,
  title={Swin Transformer: Hierarchical Vision Transformer using Shifted Windows},
  author={Liu, Ze and Lin, Yutong and Cao, Yu and Hu, Han and Wei, Yixuan and Zhang, Zheng and Lin, Stephen and Guo, Baining},
  journal={Proceedings of the IEEE/CVF International Conference on Computer Vision (ICCV)},
  year={2021},
  pages={10012--10022},
  doi={10.1109/ICCV48922.2021.00989}
}

@misc{deeplearningimg,
  author       = {{GeeksforGeeks}},
  title        = {Introduction to Deep Learning},
  year         = {2021},
  howpublished = {\url{https://www.geeksforgeeks.org/introduction-deep-learning/}},
  note         = {Accessed: 2025-05-23}
}

@article{Ciss2019,
  author={Ciss, Pa and Sapey-Triomphe, L.A. and Dahlström, N. and Pun, C. and Lefebvre, P. and Karaouni, M.},
  title={Simulation assessment of a speed safety camera enforcement program using the traffic analysis for professionals software},
  journal={IET Intelligent Transport Systems},
  year={2019},
  volume={13},
  number={12},
  pages={1827-1836},
  doi={10.1049/iet-its.2019.0237}
}

@article{jurnalspeed-roadsafety-relation,
  author  = {A. Etika and A. Paul and G. Ubana},
  journal = {School of Business, Hunan University of Science and Technology},
  title   = {An {I}nfluencing {F}actors {A}nalysis of {R}oad {T}raffic {A}ccidents {B}ased on {T}he {A}nalytic {H}ierarchy {P}rocess and {T}he {M}inimum {D}iscrimination {I}nformation {P}rinciple},
  year    = {2024}
}

@inproceedings{Kanistras2013,
  author    = {Konstantinos Kanistras and Goncalo Martins and Matthew J. Rutherford and Kimon P. Valavanis},
  title     = {A Survey of Unmanned Aerial Vehicles (UAVs) for Traffic Monitoring},
  booktitle = {Proceedings of the 2013 International Conference on Unmanned Aircraft Systems (ICUAS)},
  address   = {Atlanta, GA, USA},
  month     = {May},
  year      = {2013},
  pages     = {221--234},
  doi       = {10.1109/ICUAS.2013.6564694}
}

@article{ZhangZhu2023,
  author  = {Zhang, Zhengxin and Zhu, Lixue},
  title   = {A Review on Unmanned Aerial Vehicle Remote Sensing: Platforms, Sensors, Data Processing Methods, and Applications},
  journal = {Drones},
  year    = {2023},
  volume  = {7},
  number  = {6},
  pages   = {3},
  doi     = {10.3390/drones7060398},
  url     = {https://doi.org/10.3390/drones7060398}
}

@inbook{Tekalp1995,
  author    = {A. Murat Tekalp},
  title     = {Digital Video Processing},
  publisher = {Prentice Hall},
  year      = {1995},
  chapter   = {7},
  pages     = {332--335},
  note      = {Motion Estimation and Its Applications}
}

@article{Iqbal2024,
  author  = {Fatchurozi, Moh. Iqbal},
  title   = {PERHITUNGAN KECEPATAN KENDARAAN
  MENGGUNAKAN DRONE BERGERAK DENGAN METODE
  DEEP LEARNING},
  year    = {2024},
  journal = {Departemen Teknik Komputer, Fakultas Teknologi Elektro dan Informatika Cerdas, Institut Teknologi Sepuluh Nopember, Surabaya}
}

@article{Tilon2023,
  author  = {Tilon, S.M. and Nex, F.},
  title   = {Vehicle Tracking and Speed Estimation from Unmanned Aerial Vehicles Using Segmentation-Initialised Trackers},
  journal = {ISPRS Annals of the Photogrammetry, Remote Sensing and Spatial Information Sciences},
  volume  = {X-1/W1-2023},
  pages   = {431--437},
  year    = {2023},
  publisher = {Copernicus GmbH},
  doi     = {10.5194/isprs-annals-X-1-W1-2023-431-2023},
  note    = {Presented at ISPRS Geospatial Week 2023, Cairo, Egypt}
}

@article{Guohui2023,
  author  = {Guohui Zhang and Runze Yuan and Hao Yu and Panos D. Prevedouros and Tianwei Ma},
  title   = {Drone-Based Computer Vision-Enabled Vehicle Dynamic Mobility and Safety Performance Monitoring},
  year    = {2023},
  journal = {Department of Civil and Environmental Engineering University of Hawaii at Manoa}
}

@article{bujji-ai,
  author  = {P. Bujji Babu and K. Srija and Y. Anusha and B. Kalyan Rao and M. Hari Kishan},
  journal = {International Journal of Communication Networks and Information Security},
  title   = {AI-Powered Automated Road Damage Detection Using UAV Images and Deep Learning},
  year    = {2025}
}

@article{auto-vehicle-speed-uav-img,
  author  = {Yi-Nung Chung and Jun-de Li},
  journal = {Department of Electrical Engineering National Changhua University of Education, Changhua, Taiwan},
  title   = {Automatic {V}ehicle {S}peed {E}stimation {M}ethod for {U}nmanned {A}erial {V}ehicle {I}mages},
  year    = {2018}
}

@article{comparison-rcnn-yolov3,
  author  = {B. Benjdira and T. Khursheed and A. Koubaa and A. Ammar and K. Ouni},
  journal = {Muscat, Oman},
  title   = {Car {D}etection using {U}nmanned {A}erial {V}ehicles: {C}omparison between {F}aster {R-CNN} and {YOLO}v3},
  year    = {2019}
}

@article{novel-vehicle-tracking,
  author  = {Yuqing Chen and Dongyang Zhao and Meng Joo Er and Yan Zhuang and Huosheng Hu},
  journal = {International Journal of Remote Sensing},
  title   = {A novel vehicle tracking and speed estimation with varying UAV altitude and video resolution},
  year    = {2021}
}

@article{realtime-trafficflow-estimation,
  author  = {Ruimin Ke and Zhibin Li and Zewen Pan and Jinjun Tang and Yinhai Wang},
  journal = {Intelligent Transportation Systems},
  title   = {Real-{T}ime {T}raffic {F}low {P}arameter {E}stimation from {UAV} {V}ideo {B}ased on {E}nsemble {C}lassifier and {O}ptical {F}low},
  year    = {2019}
}

@article{efficient-roundabout-supervision,
  author  = {Imane Elmanaa and Abdelouahed Sabri and Yassine Abouch and Abdellah Aarab},
  journal = {LISAC Laboratory, Faculty of Sciences Dhar El Mahraz, Sidi Mohamed Ben Abdellah University, Morocco},
  title   = {Efficient {R}oundabout {S}upervision: {R}eal-{T}ime {V}ehicle {D}etection and {T}racking on {N}vidia {J}etson {N}ano},
  year    = {2023}
}

@article{perancangan-sistem-pengukur-kecepatan,
  author  = {Zikri Giarida and Perani Rosyani},
  journal = {Fakultas Ilmu Komputer, Program Studi Teknik Informatika, Universitas Pamulang, Tangerang Selatan Indonesia},
  title   = {Perancangan {S}istem {P}engukur {K}ecepatan {K}endaraan {B}erbasis {K}amera {M}enggunakan {A}lgoritma {YOLO}},
  year    = {2024}
}

@article{kamera-non-metrik,
  author  = {Prof. Dr. Sergey G. Mogilny and Prof. Dr. Andrei A. Sholomitskii and Oleksiy V. Martynov},
  journal = {Prydniprovs'ka State Academy of Civil Engineering and Architecture, Ukraine},
  title   = {{THE EFFECTIVENESS OF SELF-CALIBRATION OF NON-METRIC DIGITAL CAMERA THAT USED ON UNMANNED AERIAL VEHICLES}},
  year    = {2018}
}

@article{kalibrasi-chessboard,
  author  = {S. Sobura},
  journal = {Department of Geodesy and Geomatics, Faculty of Environmental, Geomatic and Energy Engineering, Kielce University of Technology, Kielce, Poland},
  title   = {{CALIBRATION OF NON-METRIC UAV CAMERA USING DIFFERENT TEST FIELDS}},
  year    = {2021}
}

@article{jetson-nano,
  author  = {Sebastián Valladares and Mayerly Toscano and Rodrigo Tufino and Paulina Morillo and Diego Vallejo},
  journal = {Department of Computer Science Universidad Politécnica Salesiana, Quito, Ecuador},
  title   = {Performance {E}valuation of the {N}vidia {J}etson {N}ano through a {R}eal-{T}ime {M}achine {L}earning {A}pplication},
  year    = {2021}
}

@thesis{rtmp,
  author  = {Bouma, M.\ C.},
  title   = {{UAV-Based Data Streaming for Remote Processing and Real-Time Information Retrieval}},
  school  = {University of Twente, Faculty of Electrical Engineering, Mathematics and Computer Science (EEMCS)},
  page    = {7},
  type    = {Thesis},
  address = {Enschede, The Netherlands},
  year    = {2025}
}

@inbook{Geron2019,
  author    = {Aurélien Géron},
  title     = {Hands-On Machine Learning with Scikit-Learn, Keras, and TensorFlow: Concepts, Tools, and Techniques to Build Intelligent Systems},
  publisher = {O'Reilly Media},
  address   = {Sebastopol, CA},
  edition   = {2\textsuperscript{nd}},
  year      = {2019},
  isbn      = {978-1492032649},
  chapter = {10--11}
}

@article{layercnn,
  author  = {Husnan and Chastine Fatichah and Rudy Dikairono},
  journal = {Jurnal Teknik ITS vol.12, no.3, Departemen Teknik Informatika, Institut Teknologi Sepuluh Nopember (ITS)},
  title   = {Deteksi {O}bjek {M}enggunakan {M}etode {YOLO} dan {I}mplementasinya pada {R}obot {B}awah {A}ir},
  year    = {2023}
}

@article{yolov8,
  author  = {Gang Wang and Yanfei Chen and Pei An and Hanyu Hong and Jinghu Hu and Tiange Huang},
  journal = {Hubei Key Laboratory of Optical Information and Pattern Recognition, School of Electrical and Information Engineering, Wuhan Institute of Technology, Wuhan, China},
  title   = {{UAV}-{YOLO}v8: {A} {S}mall-{O}bject-{D}etection {M}odel {B}ased on {I}mproved {YOLO}v8 for {UAV} {A}erial {P}hotography {S}cenarios},
  page    = {3--5},
  year    = {2023}
}

@article{tensorrt,
  author  = {Muhammad Alif Amri Muzammil and Rarasmaya Indraswari},
  title   = {Pengembangan Arsitektur Model YOLOv8 untuk Meningkatkan Performa Object Detection pada Varian Boks Warehouse Palletizing},
  journal = {ILKOMNIKA: Journal of Computer Science and Applied Informatics},
  volume  = {6},
  number  = {2},
  pages   = {135--146},
  year    = {2024},
  doi     = {10.28926/ilkomnika.v6i2.642},
  url     = {http://journal.unublitar.ac.id/ilkomnika}
}

@article{tracking,
  author  = {Mukaram Safaldin and Nizar Zaghden and Mahmoud Mejdoub},
  journal = {IEEE Access},
  title   = {An {I}mproved {YOLO}v8 to {D}etect {M}oving {O}bjects},
  year    = {2024}
}

@article{Zhang2022ByteTrack,
  author       = {Yifu Zhang and Peize Sun and Yi Jiang and Dongdong Yu and Fucheng Weng and Zehuan Yuan and Ping Luo and Wenyu Liu and Xinggang Wang},
  title        = {ByteTrack: Multi-Object Tracking by Associating Every Detection Box},
  journal      = {arXiv preprint arXiv:2110.06864},
  year         = {2022},
  month        = {april},
  note         = {Version v3, 7 Apr. 2022},
  url          = {https://arxiv.org/abs/2110.06864}
}

@article{Cao2023,
  author  = {Jinkun Cao and Jiangmiao Pang and Xinshuo Weng and Rawal Khirodkar and Kris Kitani},
  title   = {Observation-Centric SORT: Rethinking SORT for Robust Multi-Object Tracking},
  journal = {Proceedings of the IEEE/CVF Conference on Computer Vision and Pattern Recognition (CVPR)},
  year    = {2023},
  note    = {Open Access version provided by the Computer Vision Foundation}
}

@misc{datakendaraan2024,
  title        = {Data {K}orlantas {P}olri, {J}umlah {K}endaraan {B}ermotor {T}ahun 2024},
  year         = {2024},
  howpublished = {Online: \url{http://rc.korlantas.polri.go.id:8900/eri2017/index.php}},
  note      = {Accessed 2024-07-29}
}

@misc{datakendaraan2023,
  title        = {Data {K}orlantas {P}olri, {J}umlah {K}endaraan {B}ermotor {T}ahun 2023},
  year         = {2023},
  howpublished = {Online: \url{https://otomotif.kompas.com/read/2024/07/29/172100515/rasio-kepemilikan-sepeda-motor-orang-indonesia-1-motor-buat-4-orang#google_vignette}},
  note         = {Accessed 2024-07-29}
}

@misc{djiphantom4pro,
  author       = {{DJI}},
  title        = {{Phantom 4 Pro}},
  howpublished = {Online: \url{https://www.dji.com/id/support/product/phantom-4-pro}},
  note         = {Accessed 2024-11-01},
  year         = {2024}
}

@misc{yoloweb,
  author       = {Zoumana Keita},
  title        = {{YOLO} {O}bject {D}etection},
  howpublished = {Online: \url{https://www.datacamp.com/blog/yolo-object-detection-explained}},
  note         = {Accessed 2024-11-01},
  year         = {2024}
}


